@inproceedings{perera:dep,
  title = {Functional Programs that Explain Their Work},
  year = {2012},
  booktitle = {Proc.\ ICFP},
  author = {Roly Perera and Umut A. Acar and James Cheney and Paul Blain Levy}
}

@inproceedings{cicek15,
 title = {Refinement Types for Incremental Computational Complexity},
 year = {2015},
 booktitle = {Proc.\ ESOP},
 author = {Ezgi Cicek and Deepak Garg and Umut Acar}
}
@inproceedings{dwork2015preserving,
  title={Preserving statistical validity in adaptive data analysis},
  author={Dwork, Cynthia and Feldman, Vitaly and Hardt, Moritz and Pitassi, Toniann and Reingold, Omer and Roth, Aaron Leon},
  booktitle={Proceedings of the forty-seventh annual ACM symposium on Theory of computing},
  pages={117--126},
  year={2015}
}