@inproceedings{dwork2015preserving,
  title={Preserving statistical validity in adaptive data analysis},
  author={Dwork, Cynthia and Feldman, Vitaly and Hardt, Moritz and Pitassi, Toniann and Reingold, Omer and Roth, Aaron Leon},
  booktitle={Proceedings of the forty-seventh annual ACM symposium on Theory of computing},
  pages={117--126},
  year={2015}
}

@article{sinha2001interprocedural,
  title={Interprocedural control dependence},
  author={Sinha, Saurabh and Harrold, Mary Jean and Rothermel, Gregg},
  journal={ACM Transactions on Software Engineering and Methodology (TOSEM)},
  volume={10},
  number={2},
  pages={209--254},
  year={2001},
  publisher={ACM New York, NY, USA}
}

@inproceedings{austin1992dynamic,
  title={Dynamic dependency analysis of ordinary programs},
  author={Austin, Todd M and Sohi, Gurindar S},
  booktitle={Proceedings of the 19th annual international symposium on Computer architecture},
  pages={342--351},
  year={1992}
}


@article{nagar2018automated,
  title={Automated detection of serializability violations under weak consistency},
  author={Nagar, Kartik and Jagannathan, Suresh},
  journal={arXiv preprint arXiv:1806.08416},
  year={2018}
}


@inproceedings{hammer2006dynamic,
  title={Dynamic path conditions in dependence graphs},
  author={Hammer, Christian and Grimme, Martin and Krinke, Jens},
  booktitle={Proceedings of the 2006 ACM SIGPLAN symposium on Partial evaluation and semantics-based program manipulation},
  pages={58--67},
  year={2006}
}


@inproceedings{arlt2012lightweight,
  title={Lightweight static analysis for GUI testing},
  author={Arlt, Stephan and Podelski, Andreas and Bertolini, Cristiano and Sch{\"a}f, Martin and Banerjee, Ishan and Memon, Atif M},
  booktitle={2012 IEEE 23rd International Symposium on Software Reliability Engineering},
  pages={301--310},
  year={2012},
  organization={IEEE}
}


@inproceedings{mastroeni2008data,
  title={Data dependencies and program slicing: from syntax to abstract semantics},
  author={Mastroeni, Isabella and Zanardini, Damiano},
  booktitle={Proceedings of the 2008 ACM SIGPLAN symposium on Partial evaluation and semantics-based program manipulation},
  pages={125--134},
  year={2008}
}


@inproceedings{baxter1989program,
  title={The program dependence graph and vectorization},
  author={Baxter, William and Bauer III, Henry R},
  booktitle={Proceedings of the 16th ACM SIGPLAN-SIGACT symposium on Principles of programming languages},
  pages={1--11},
  year={1989}
}




