@inproceedings{10.1145/1806596.1806630, 
author = {Gulwani, Sumit and Zuleger, Florian}, 
title = {The Reachability-Bound Problem}, 
year = {2010}, 
isbn = {9781450300193}, 
publisher = {Association for Computing Machinery}, address = {New York, NY, USA}, 
url = {https://doi.org/10.1145/1806596.1806630}, 
doi = {10.1145/1806596.1806630}, 
booktitle = {Proceedings of the 31st ACM SIGPLAN Conference on Programming Language Design and Implementation}, pages = {292â€“304}, numpages = {13}, keywords = {resource bound analysis, transitive closure, disjunctive invariants, ranking functions, pattern matching}, location = {Toronto, Ontario, Canada}, series = {PLDI '10} }

@inproceedings{dwork2015preserving,
  title={Preserving statistical validity in adaptive data analysis},
  author={Dwork, Cynthia and Feldman, Vitaly and Hardt, Moritz and Pitassi, Toniann and Reingold, Omer and Roth, Aaron Leon},
  booktitle={Proceedings of the forty-seventh annual ACM symposium on Theory of computing},
  pages={117--126},
  year={2015}
}

@article{sinha2001interprocedural,
  title={Interprocedural control dependence},
  author={Sinha, Saurabh and Harrold, Mary Jean and Rothermel, Gregg},
  journal={ACM Transactions on Software Engineering and Methodology (TOSEM)},
  volume={10},
  number={2},
  pages={209--254},
  year={2001},
  publisher={ACM New York, NY, USA}
}

@inproceedings{austin1992dynamic,
  title={Dynamic dependency analysis of ordinary programs},
  author={Austin, Todd M and Sohi, Gurindar S},
  booktitle={Proceedings of the 19th annual international symposium on Computer architecture},
  pages={342--351},
  year={1992}
}


@article{nagar2018automated,
  title={Automated detection of serializability violations under weak consistency},
  author={Nagar, Kartik and Jagannathan, Suresh},
  journal={arXiv preprint arXiv:1806.08416},
  year={2018}
}


@inproceedings{hammer2006dynamic,
  title={Dynamic path conditions in dependence graphs},
  author={Hammer, Christian and Grimme, Martin and Krinke, Jens},
  booktitle={Proceedings of the 2006 ACM SIGPLAN symposium on Partial evaluation and semantics-based program manipulation},
  pages={58--67},
  year={2006}
}


@inproceedings{arlt2012lightweight,
  title={Lightweight static analysis for GUI testing},
  author={Arlt, Stephan and Podelski, Andreas and Bertolini, Cristiano and Sch{\"a}f, Martin and Banerjee, Ishan and Memon, Atif M},
  booktitle={2012 IEEE 23rd International Symposium on Software Reliability Engineering},
  pages={301--310},
  year={2012},
  organization={IEEE}
}


@inproceedings{mastroeni2008data,
  title={Data dependencies and program slicing: from syntax to abstract semantics},
  author={Mastroeni, Isabella and Zanardini, Damiano},
  booktitle={Proceedings of the 2008 ACM SIGPLAN symposium on Partial evaluation and semantics-based program manipulation},
  pages={125--134},
  year={2008}
}


@inproceedings{baxter1989program,
  title={The program dependence graph and vectorization},
  author={Baxter, William and Bauer III, Henry R},
  booktitle={Proceedings of the 16th ACM SIGPLAN-SIGACT symposium on Principles of programming languages},
  pages={1--11},
  year={1989}
}



%%% History of the Program flow Graph

@inproceedings{dennis1974preliminary,
  title={A preliminary architecture for a basic data-flow processor},
  author={Dennis, Jack B and Misunas, David P},
  booktitle={Proceedings of the 2nd annual symposium on Computer architecture},
  pages={126--132},
  year={1974}
}


@article{dennis1980data,
  title={Data flow supercomputers.},
  author={Dennis, Jack B},
  journal={IEEE computer},
  volume={13},
  number={11},
  pages={48--56},
  year={1980}
}



@article{davis1982data,
  title={Data flow program graphs},
  author={Davis, Alan L and Keller, Robert M},
  year={1982}
}



@article{treleaven1982combining,
  title={Combining data flow and control flow computing},
  author={Treleaven, Philip C. and Hopkins, Richard P. and Rautenbach, Paul W.},
  journal={The Computer Journal},
  volume={25},
  number={2},
  pages={207--217},
  year={1982},
  publisher={Oxford University Press}
}


@phdthesis{towle1976control, 
author = {Towle, Ross Albert}, 
title = {Control and Data Dependence for Program Transformations.}, 
year = {1976}, 
publisher = {University of Illinois at Urbana-Champaign},
address = {USA}, note = {AAI7624191} 
}


@article{kuck1972number,
  title={On the number of operations simultaneously executable in Fortran-like programs and their resulting speedup},
  author={Kuck, David J and Muraoka, Yoichi and Chen, Shyh-Ching},
  journal={IEEE Transactions on Computers},
  volume={100},
  number={12},
  pages={1293--1310},
  year={1972},
  publisher={IEEE}
}



@inproceedings{kuck1981dependence,
  title={Dependence graphs and compiler optimizations},
  author={Kuck, David J and Kuhn, Robert H and Padua, David A and Leasure, Bruce and Wolfe, Michael},
  booktitle={Proceedings of the 8th ACM SIGPLAN-SIGACT Symposium on Principles of Programming Languages},
  pages={207--218},
  year={1981}
}


@inproceedings{ferrante1983program,
  title={A program form based on data dependency in predicate regions},
  author={Ferrante, Jeanne and Ottenstein, Karl J},
  booktitle={Proceedings of the 10th ACM SIGACT-SIGPLAN symposium on Principles of programming languages},
  pages={217--236},
  year={1983}
}


@article{ferrante1987program,
  title={The program dependence graph and its use in optimization},
  author={Ferrante, Jeanne and Ottenstein, Karl J and Warren, Joe D},
  journal={ACM Transactions on Programming Languages and Systems (TOPLAS)},
  volume={9},
  number={3},
  pages={319--349},
  year={1987},
  publisher={ACM New York, NY, USA}
}


@inproceedings{ferrante1985linearizing,
  title={On linearizing parallel code},
  author={Ferrante, Jeanne and Mace, Mary},
  booktitle={Proceedings of the 12th ACM SIGACT-SIGPLAN symposium on Principles of programming languages},
  pages={179--190},
  year={1985}
}


@article{ottenstein1984program,
  title={The program dependence graph in a software development environment},
  author={Ottenstein, Karl J and Ottenstein, Linda M},
  journal={ACM Sigplan Notices},
  volume={19},
  number={5},
  pages={177--184},
  year={1984},
  publisher={ACM New York, NY, USA}
}

@article{ferrante1987program,
  title={The program dependence graph and its use in optimization},
  author={Ferrante, Jeanne and Ottenstein, Karl J and Warren, Joe D},
  journal={ACM Transactions on Programming Languages and Systems (TOPLAS)},
  volume={9},
  number={3},
  pages={319--349},
  year={1987},
  publisher={ACM New York, NY, USA}
}


@article{allen1987automatic,
  title={Automatic translation of Fortran programs to vector form},
  author={Allen, Randy and Kennedy, Ken},
  journal={ACM Transactions on Programming Languages and Systems (TOPLAS)},
  volume={9},
  number={4},
  pages={491--542},
  year={1987},
  publisher={ACM New York, NY, USA}
}


@phdthesis{allen1983dependence,
  title={Dependence analysis for subscripted variables and its application to program transformations},
  author={Allen, John Randal},
  year={1983}
}


@article{scarborough1986vectorizing,
  title={A vectorizing Fortran compiler},
  author={Scarborough, Randolph G and Kolsky, Harwood G},
  journal={IBM Journal of Research and Development},
  volume={30},
  number={2},
  pages={163--171},
  year={1986},
  publisher={IBM}
}



@inproceedings{vekris2016refinement,
  title={Refinement types for TypeScript},
  author={Vekris, Panagiotis and Cosman, Benjamin and Jhala, Ranjit},
  booktitle={Proceedings of the 37th ACM SIGPLAN Conference on Programming Language Design and Implementation},
  pages={310--325},
  year={2016}
}








