@inproceedings{dwork2015preserving,
  title={Preserving statistical validity in adaptive data analysis},
  author={Dwork, Cynthia and Feldman, Vitaly and Hardt, Moritz and Pitassi, Toniann and Reingold, Omer and Roth, Aaron Leon},
  booktitle={Proceedings of the forty-seventh annual ACM symposium on Theory of computing},
  pages={117--126},
  year={2015}
}

@inproceedings{vekris2016refinement,
  title={Refinement types for TypeScript},
  author={Vekris, Panagiotis and Cosman, Benjamin and Jhala, Ranjit},
  booktitle={Proceedings of the 37th ACM SIGPLAN Conference on Programming Language Design and Implementation},
  pages={310--325},
  year={2016}
}